%% This BibTeX bibliography file was created using BibDesk.
%% http://bibdesk.sourceforge.net/


%% Created for Ting-Hsing Wang at 2015-07-19 01:52:35 +0800


%% Saved with string encoding Unicode (UTF-8)


@article{breslow:2013,
  title={Studying learning in the worldwide classroom: Research into edX's first MOOC},
  author={Breslow, Lori and Pritchard, David E and DeBoer, Jennifer and Stump, Glenda S and Ho, Andrew D and Seaton, Daniel T},
  journal={Research \& Practice in Assessment},
  volume={8},
  year={2013},
  publisher={Research \& Practice in Assessment}
}

@article{seaton2014,
  title={Who does what in a massive open online course?},
  author={Seaton, Daniel T and Bergner, Yoav and Chuang, Isaac and Mitros, Piotr and Pritchard, David E},
  journal={Communications of the ACM},
  volume={57},
  number={4},
  pages={58--65},
  year={2014},
  publisher={ACM}
}

@inproceedings{kim2014,
  title={Crowdsourcing step-by-step information extraction to enhance existing how-to videos},
  author={Kim, Juho and Nguyen, Phu Tran and Weir, Sarah and Guo, Philip J and Miller, Robert C and Gajos, Krzysztof Z},
  booktitle={Proceedings of the 32nd annual ACM conference on Human factors in computing systems},
  pages={4017--4026},
  year={2014},
  organization={ACM}
}

@article{agrawal2015,
  title={YouEDU: Addressing Confusion in MOOC Discussion Forums by Recommending Instructional Video Clips},
  author={Agrawal, Akshay and Venkatraman, Jagadish and Leonard, Shane and Paepcke, Andreas},
  year={2015},
  publisher={Stanford InfoLab}
}

@article{ven:2013,
	Author = {van de Ven, P.M. and Hegde, N. and Massoulie, L. and Salonidis, T.},
	Date-Added = {2015-07-18 17:50:20 +0000},
	Date-Modified = {2015-07-18 17:50:34 +0000},
	Journal = {IEEE Transactions on Smart Grid},
	Number = {2},
	Pages = {789-797},
	Title = {Optimal Control of End-User Energy Storage},
	Volume = {4},
	Year = {2013},
	Bdsk-Url-1 = {http://dx.doi.org/10.1109/TSG.2012.2232943}}

@article{maly:1995,
	Author = {Maly, D.K. and Kwan, K.S.},
	Date-Added = {2015-07-18 17:35:51 +0000},
	Date-Modified = {2015-07-18 17:36:02 +0000},
	Journal = {IEE Proceedings Science, Measurement and Technology},
	Number = {6},
	Pages = {453-458},
	Title = {Optimal battery energy storage system (BESS) charge scheduling with dynamic programming},
	Volume = {142},
	Year = {1995},
	Bdsk-Url-1 = {http://dx.doi.org/10.1049/ip-smt:19951929}}

@inproceedings{brahma:2000,
	Author = {Brahma, A. and Guezennec, Y. and Rizzoni, G.},
	Booktitle = {American Control Conference, 2000. Proceedings of the 2000},
	Date-Added = {2015-07-18 17:24:05 +0000},
	Date-Modified = {2015-07-18 17:24:21 +0000},
	Number = {6},
	Pages = {60-64 vol.1},
	Title = {Optimal energy management in series hybrid electric vehicles},
	Volume = {1},
	Year = {2000},
	Bdsk-Url-1 = {http://dx.doi.org/10.1109/ACC.2000.878772}}

@article{allcott:2011,
	Author = {Hunt Allcott},
	Date-Added = {2015-07-18 16:36:46 +0000},
	Date-Modified = {2015-07-18 16:37:05 +0000},
	Journal = {Resource and Energy Economics},
	Number = {4},
	Pages = {820 - 842},
	Title = {Rethinking real-time electricity pricing},
	Volume = {33},
	Year = {2011},
	Bdsk-Url-1 = {http://www.sciencedirect.com/science/article/pii/S092876551100042X},
	Bdsk-Url-2 = {http://dx.doi.org/10.1016/j.reseneeco.2011.06.003}}

@article{lee:2014,
	Author = {Sungjin Lee and Beom Kwon and Sanghoon Lee},
	Date-Added = {2015-07-18 15:16:03 +0000},
	Date-Modified = {2015-07-18 15:16:13 +0000},
	Journal = {IEEE Transactions on Power Systems},
	Month = {Nov},
	Number = {6},
	Pages = {2804-2812},
	Title = {Joint Energy Management System of Electric Supply and Demand in Houses and Buildings},
	Volume = {29},
	Year = {2014},
	Bdsk-Url-1 = {http://dx.doi.org/10.1109/TPWRS.2014.2311827}}

@article{han:2014,
	Author = {Jinsoo Han and Chang-sic Choi and Wan-Ki Park and Ilwoo Lee and Sang-Ha Kim},
	Date-Added = {2015-07-18 15:10:13 +0000},
	Date-Modified = {2015-07-18 15:10:28 +0000},
	Journal = {IEEE Transactions on Consumer Electronics},
	Month = {May},
	Number = {2},
	Pages = {198-202},
	Title = {Smart home energy management system including renewable energy based on ZigBee and PLC},
	Volume = {60},
	Year = {2014},
	Bdsk-Url-1 = {http://dx.doi.org/10.1109/TCE.2014.6851994}}

@inproceedings{smitha:2013,
	Author = {Smitha, S.D. and Savier, J.S. and Chacko, F.M.},
	Booktitle = {Proc. Annual International Conference on Communications and Renewable Energy},
	Date-Added = {2015-07-18 15:03:25 +0000},
	Date-Modified = {2015-07-18 15:03:55 +0000},
	Doi = {10.1109/AICERA-ICMiCR.2013.6575942},
	Month = {June},
	Pages = {1-6},
	Title = {Intelligent control system for efficient energy management in commercial buildings},
	Year = {2013},
	Bdsk-Url-1 = {http://dx.doi.org/10.1109/AICERA-ICMiCR.2013.6575942}}

@inproceedings{hannah:2011,
	Author = {Hannah, Lauren and Dunson, David B},
	Booktitle = {Proc. International Conference on Machine Learning},
	Date-Added = {2015-05-25 04:15:30 +0000},
	Date-Modified = {2015-05-25 04:15:30 +0000},
	Pages = {337--344},
	Title = {Approximate dynamic programming for storage problems},
	Year = {2011}}

@inproceedings{xin:2012,
	Author = {Li Xin and Zang Chuanzhi and Zeng Peng and Yu Haibin},
	Booktitle = {Proc. Chinese Control Conference (CCC)},
	Date-Added = {2015-05-25 01:46:05 +0000},
	Date-Modified = {2015-05-25 02:10:47 +0000},
	Month = {July},
	Pages = {6924-6927},
	Title = {Genetic based fuzzy Q-learning energy management for smart grid},
	Year = {2012}}

@inproceedings{jiang:2011,
	Author = {Jiang, L. and Low, S.},
	Booktitle = {Porc. IEEE Conference on Decision and Control and European Control Conference (CDC-ECC)},
	Date-Added = {2015-05-25 00:54:26 +0000},
	Date-Modified = {2015-05-25 00:55:33 +0000},
	Pages = {4348-4353},
	Title = {Multi-period optimal energy procurement and demand response in smart grid with uncertain supply},
	Year = {2011},
	Bdsk-Url-1 = {http://dx.doi.org/10.1109/CDC.2011.6161320}}

@inproceedings{takahashi:2012,
	Author = {Takahashi, T. and Ide, T.},
	Booktitle = {Proc. International Conference on Pattern Recognition (ICPR)},
	Date-Added = {2015-05-22 13:05:17 +0000},
	Date-Modified = {2015-05-22 14:27:57 +0000},
	Issn = {1051-4651},
	Pages = {2946-2949},
	Title = {Predicting battery life from usage trajectory patterns},
	Year = {2012}}

@misc{linden:1865,
	Author = {Linden, David and Reddy, Thomas B},
	Date-Added = {2015-05-18 09:47:04 +0000},
	Date-Modified = {2015-05-22 11:29:03 +0000},
	Publisher = {McGraw-Hill Companies, Inc., New York2002,(1.3-1.17, 7.10-7.11, 22.12-22.13)},
	Title = {Handbook of batteries},
	Year = {1865}}

@article{rahbar:2015,
	Author = {Rahbar, K. and Jie Xu and Rui Zhang},
	Date-Added = {2015-05-18 09:00:28 +0000},
	Date-Modified = {2015-05-22 14:04:31 +0000},
	Issn = {1949-3053},
	Journal = {IEEE Transactions on Smart Grid},
	Number = {1},
	Pages = {124-134},
	Title = {Real-Time Energy Storage Management for Renewable Integration in Microgrid: An Off-Line Optimization Approach},
	Volume = {6},
	Year = {2015}}

@article{erseghe:2014,
	Author = {Erseghe, T. and Zanella, A. and Codemo, C.G.},
	Date-Added = {2015-05-18 08:40:30 +0000},
	Date-Modified = {2015-05-22 14:01:58 +0000},
	Issn = {1949-3053},
	Journal = {IEEE Transactions on Smart Grid},
	Number = {3},
	Pages = {1308-1317},
	Title = {Optimal and Compact Control Policies for Energy Storage Units With Single and Multiple Batteries},
	Volume = {5},
	Year = {2014}}

@inproceedings{mohd:2008,
	Author = {Mohd, A. and Ortjohann, E. and Schmelter, A. and Hamsic, N. and Morton, D.},
	Booktitle = {Proc. IEEE International Symposium on Industrial Electronics},
	Date-Added = {2015-05-18 07:42:47 +0000},
	Date-Modified = {2015-05-22 14:11:17 +0000},
	Pages = {1627-1632},
	Title = {Challenges in integrating distributed Energy storage systems into future smart grid},
	Year = {2008}}

@article{atzeni:2013,
	Author = {Atzeni, I. and Ordonez, L.G. and Scutari, G. and Palomar, D.P. and Fonollosa, J.R.},
	Date-Added = {2015-05-18 07:37:03 +0000},
	Date-Modified = {2015-05-22 14:00:31 +0000},
	Journal = {IEEE Transactions on Smart Grid},
	Number = {2},
	Pages = {866-876},
	Title = {Demand-Side Management via Distributed Energy Generation and Storage Optimization},
	Volume = {4},
	Year = {2013}}

@article{graves:1999,
	Author = {Frank Graves and Thomas Jenkin and Dean Murphy},
	Date-Added = {2015-05-18 07:29:39 +0000},
	Date-Modified = {2015-05-22 13:39:22 +0000},
	Issn = {1040-6190},
	Journal = {The Electricity Journal},
	Number = {8},
	Pages = {46 - 56},
	Title = {Opportunities for Electricity Storage in Deregulating Markets},
	Volume = {12},
	Year = {1999}}

@inproceedings{van-de-ven:2011,
	Author = {Van de Ven, Peter and Hegde, Nidhi and Massoulie, Laurent and Salonidis, Theodoros},
	Booktitle = {Proc. International Conference on Smart Grids, Green Communications and IT Energy-aware Technologies},
	Date-Added = {2015-05-18 07:26:02 +0000},
	Date-Modified = {2015-05-22 14:25:17 +0000},
	Pages = {159--162},
	Title = {Optimal control of residential energy storage under price fluctuations},
	Year = {2011}}

@article{king:2001,
	Author = {King, Chris S},
	Date-Added = {2015-05-18 07:15:36 +0000},
	Date-Modified = {2015-05-22 11:29:03 +0000},
	Journal = {American Energy Institute, Tech. Rep},
	Title = {The economics of real-time and time-of-use pricing for residential consumers},
	Year = {2001}}

@misc{nrel:,
	Author = {NREL},
	Date-Added = {2015-05-18 02:53:53 +0000},
	Date-Modified = {2015-05-22 14:16:45 +0000},
	Howpublished = {\url{http://pvwatts.nrel.gov}},
	Note = {Accessed: 2015-05-10}}

@misc{comed:,
	Author = {ComEd},
	Date-Added = {2015-05-18 02:53:47 +0000},
	Date-Modified = {2015-05-22 14:16:11 +0000},
	Howpublished = {\url{http://www.comed.com/}},
	Note = {Accessed: 2015-05-10}}

@inproceedings{lee:2012,
	Author = {Lee, Donghun and Powell, Warren B},
	Booktitle = {Proc. Association for the Advancement of Artificial Intelligence Conference on Artificial Intelligence},
	Date-Added = {2015-05-18 02:52:19 +0000},
	Date-Modified = {2015-05-22 14:30:01 +0000},
	Title = {An Intelligent Battery Controller Using Bias-Corrected Q-learning},
	Year = {2012}}

@article{lagoudakis:2003,
	Author = {Lagoudakis, Michail G and Parr, Ronald},
	Date-Added = {2015-05-18 02:51:33 +0000},
	Date-Modified = {2015-05-22 11:29:03 +0000},
	Journal = {The Journal of Machine Learning Research},
	Pages = {1107--1149},
	Publisher = {JMLR. org},
	Title = {Least-squares policy iteration},
	Volume = {4},
	Year = {2003}}

@book{dallinger:2013,
	Author = {Dallinger, David},
	Date-Added = {2015-05-18 02:50:18 +0000},
	Date-Modified = {2015-05-22 14:26:42 +0000},
	Publisher = {Kassel University Press},
	Title = {Plug-in electric vehicles integrating fluctuating renewable electricity},
	Volume = {20},
	Year = {2013}}

@incollection{ramavajjala:2012,
	Author = {Ramavajjala, Vivek and Elkan, Charles},
	Booktitle = {Machine Learning and Knowledge Discovery in Databases},
	Date-Added = {2015-05-18 02:41:31 +0000},
	Date-Modified = {2015-05-22 11:29:03 +0000},
	Editor = {Flach, PeterA. and De Bie, Tijl and Cristianini, Nello},
	Isbn = {978-3-642-33485-6},
	Language = {English},
	Pages = {211-226},
	Publisher = {Springer Berlin Heidelberg},
	Series = {Lecture Notes in Computer Science},
	Title = {Policy Iteration Based on a Learned Transition Model},
	Volume = {7524},
	Year = {2012}}

@article{kempton:2005,
	Author = {Willett Kempton and Jasna Tomi{\'c}},
	Date-Added = {2015-05-17 19:46:46 +0000},
	Date-Modified = {2015-05-22 13:39:37 +0000},
	Issn = {0378-7753},
	Journal = {Journal of Power Sources},
	Number = {1},
	Pages = {268 - 279},
	Title = {Vehicle-to-grid power fundamentals: Calculating capacity and net revenue},
	Volume = {144},
	Year = {2005}}

@article{tomic:2007,
	Author = {Jasna Tomi{\'c} and Willett Kempton},
	Date-Added = {2015-05-17 19:44:33 +0000},
	Date-Modified = {2015-05-22 11:29:03 +0000},
	Journal = {Journal of Power Sources},
	Number = {2},
	Pages = {459 - 468},
	Title = {Using fleets of electric-drive vehicles for grid support},
	Volume = {168},
	Year = {2007}}

@article{chen:2013,
	Author = {Xiaodao Chen and Tongquan Wei and Shiyan Hu},
	Date-Added = {2015-05-17 19:35:03 +0000},
	Date-Modified = {2015-05-22 14:06:15 +0000},
	Issn = {1949-3053},
	Journal = {IEEE Transactions on Smart Grid},
	Number = {2},
	Pages = {932-941},
	Title = {Uncertainty-Aware Household Appliance Scheduling Considering Dynamic Electricity Pricing in Smart Home},
	Volume = {4},
	Year = {2013}}

@inproceedings{hassan:2010,
	Author = {Hassan, R. and Radman, G.},
	Booktitle = {Proc. IEEE SoutheastCon (SoutheastCon)},
	Date-Added = {2015-05-17 19:34:37 +0000},
	Date-Modified = {2015-05-22 14:11:05 +0000},
	Pages = {210-213},
	Title = {Survey on Smart Grid},
	Year = {2010}}

@inproceedings{hashmi:2011,
	Author = {Hashmi, M. and Hanninen, S. and Maki, K.},
	Booktitle = {Proc. IEEE PES Conference on Innovative Smart Grid Technologies (ISGT Latin America)},
	Date-Added = {2015-05-17 19:34:05 +0000},
	Date-Modified = {2015-05-22 14:11:07 +0000},
	Pages = {1-7},
	Title = {Survey of smart grid concepts, architectures, and technological demonstrations worldwide},
	Year = {2011}}

@article{fang:2012,
	Author = {Fang, Xi and Misra, Satyajayant and Xue, Guoliang and Yang, Dejun},
	Date-Added = {2015-05-17 19:33:11 +0000},
	Date-Modified = {2015-05-22 14:07:41 +0000},
	Issn = {1553-877X},
	Journal = {IEEE Communications Surveys Tutorials},
	Number = {4},
	Pages = {944-980},
	Title = {Smart Grid - The New and Improved Power Grid: A Survey},
	Volume = {14},
	Year = {2012}}

@book{gharavi:2011,
	Author = {Gharavi, Hamid and Ghafurian, Reza},
	Date-Added = {2015-05-17 19:32:07 +0000},
	Date-Modified = {2015-05-22 11:29:03 +0000},
	Publisher = {IEEE},
	Title = {Smart grid: The electric energy system of the future},
	Year = {2011}}

@article{chen:2011,
	Author = {Chen, C. and Duan, S. and Cai, T. and Liu, B. and Hu, G.},
	Date-Added = {2015-05-17 19:30:55 +0000},
	Date-Modified = {2015-05-22 14:07:33 +0000},
	Issn = {1752-1416},
	Journal = {IET Renewable Power Generation},
	Number = {3},
	Pages = {258-267},
	Title = {Smart energy management system for optimal microgrid economic operation},
	Volume = {5},
	Year = {2011}}

@article{zhang:2013,
	Author = {Yu Zhang and Gatsis, N. and Giannakis, G.B.},
	Date-Added = {2015-05-17 19:30:07 +0000},
	Date-Modified = {2015-05-22 14:04:39 +0000},
	Issn = {1949-3029},
	Journal = {IEEE Transactions on Sustainable Energy},
	Number = {4},
	Pages = {944-953},
	Title = {Robust Energy Management for Microgrids With High-Penetration Renewables},
	Volume = {4},
	Year = {2013}}

@article{drude:2014,
	Author = {Lukas Drude and Luiz Carlos Pereira Junior and Ricardo R{\"u}ther},
	Date-Added = {2015-05-17 19:29:33 +0000},
	Date-Modified = {2015-05-22 13:38:58 +0000},
	Issn = {0960-1481},
	Journal = {Renewable Energy},
	Number = {0},
	Pages = {443 - 451},
	Title = {Photovoltaics (PV) and electric vehicle-to-grid (V2G) strategies for peak demand reduction in urban regions in Brazil in a smart grid environment},
	Volume = {68},
	Year = {2014}}

@inproceedings{koutsopoulos:2011,
	Author = {Koutsopoulos, I. and Hatzi, V. and Tassiulas, L.},
	Booktitle = {Proc. IEEE International Conference on Smart Grid Communications (SmartGridComm)},
	Date-Added = {2015-05-17 19:28:53 +0000},
	Date-Modified = {2015-05-22 14:11:11 +0000},
	Pages = {475-480},
	Title = {Optimal energy storage control policies for the smart power grid},
	Year = {2011}}

@article{ghofrani:2014,
	Author = {M. Ghofrani and A. Arabali and M. Ghayekhloo},
	Date-Added = {2015-05-17 19:28:06 +0000},
	Date-Modified = {2015-05-22 13:39:17 +0000},
	Issn = {0378-7796},
	Journal = {Electric Power Systems Research},
	Number = {0},
	Pages = {134 - 142},
	Title = {Optimal charging/discharging of grid-enabled electric vehicles for predictability enhancement of PV generation},
	Volume = {117},
	Year = {2014}}

@article{atzeni:2013a,
	Author = {Atzeni, I. and Ordonez, L.G. and Scutari, G. and Palomar, D.P. and Fonollosa, J.R.},
	Date-Added = {2015-05-17 19:27:09 +0000},
	Date-Modified = {2015-05-22 14:01:48 +0000},
	Issn = {1053-587X},
	Journal = {IEEE Transactions on Signal Processing},
	Number = {10},
	Pages = {2454-2472},
	Title = {Noncooperative and Cooperative Optimization of Distributed Energy Generation and Storage in the Demand-Side of the Smart Grid},
	Volume = {61},
	Year = {2013}}

@article{ipakchi:2009,
	Author = {Ipakchi, A. and Albuyeh, F.},
	Date-Added = {2015-05-17 19:26:36 +0000},
	Date-Modified = {2015-05-22 14:07:08 +0000},
	Issn = {1540-7977},
	Journal = {IEEE Power and Energy Magazine},
	Number = {2},
	Pages = {52-62},
	Title = {Grid of the future},
	Volume = {7},
	Year = {2009}}

@article{evans:1989,
	Author = {Evans, J.W.},
	Date-Added = {2015-05-17 19:24:21 +0000},
	Date-Modified = {2015-05-22 14:07:01 +0000},
	Issn = {0895-0156},
	Journal = {IEEE Computer Applications in Power},
	Number = {1},
	Pages = {11-16},
	Title = {Energy management system survey of architectures},
	Volume = {2},
	Year = {1989}}

@article{hosseini:2014,
	Author = {Sayed Saeed Hosseini and Ali Badri and Masood Parvania},
	Date-Added = {2015-05-17 19:21:55 +0000},
	Date-Modified = {2015-05-22 13:39:29 +0000},
	Issn = {1364-0321},
	Journal = {Renewable and Sustainable Energy Reviews},
	Number = {0},
	Pages = {161 - 170},
	Title = {A survey on mobile energy storage systems (MESS): Applications, challenges and solutions},
	Volume = {40},
	Year = {2014}}

@article{li:2013,
	Author = {Li Ping Qian and Zhang, Y.J.A. and Jianwei Huang and Yuan Wu},
	Journal = {IEEE Journal on Selected Areas in Communications},
	Month = {July},
	Number = {7},
	Pages = {1268-1280},
	Title = {Demand Response Management via Real-Time Electricity Price Control in Smart Grids},
	Volume = {31},
	Year = {2013}}
